@inproceedings{hossain2021impact,
  title={Impact of AVX-512 Instructions on Graph Partitioning Problems.},
  author={Hossain, Md Maruf and Saule, Erik},
  booktitle={50th International Conference on Parallel Processing Workshop},
  pages={1--9},
  year={2021}
}
@inproceedings{gheibi2020cache,
  title={Cache Efficient Louvain with Local RCM},
  author={Gheibi, Sanaz and Banerjee, Tania and Ranka, Sanjay and Sahni, Sartaj},
  booktitle={2020 IEEE Symposium on Computers and Communications (ISCC)},
  pages={1--6},
  year={2020},
  organization={IEEE}
}
@inproceedings{low2020linear,
  title={Linear Algebraic Louvain Method in Python},
  author={Low, Tze Meng and Spampinato, Daniele G and McMillan, Scott and Pelletier, Michel},
  booktitle={2020 IEEE International Parallel and Distributed Processing Symposium Workshops (IPDPSW)},
  pages={223--226},
  year={2020},
  organization={IEEE}
}
@article{sanders2014benchmarking,
  title={Benchmarking for graph clustering and partitioning},
  author={Sanders, Peter and Schulz, Christian and Wagner, Dorothea},
  year={2014}
}
@book{bader2013graph,
  title={Graph partitioning and graph clustering},
  author={Bader, David A and Meyerhenke, Henning and Sanders, Peter and Wagner, Dorothea},
  volume={588},
  year={2013},
  publisher={American Mathematical Society Providence, RI}
}
@misc{snapnets,
  author       = {Jure Leskovec and Andrej Krevl},
  title        = {{SNAP Datasets}: {Stanford} Large Network Dataset Collection},
  howpublished = {\url{http://snap.stanford.edu/data}},
  month        = jun,
  year         = 2014
}
@inproceedings{cheong2013hierarchical,
  title={Hierarchical parallel algorithm for modularity-based community detection using GPUs},
  author={Cheong, Chun Yew and Huynh, Huynh Phung and Lo, David and Goh, Rick Siow Mong},
  OPTbooktitle={European Conference on Parallel Processing},
  booktitle={Proc. EuroPar},
  pages={775--787},
  year={2013},
  OPTorganization={Springer}
}
@inproceedings{halappanavar2017scalable,
  title={Scalable static and dynamic community detection using grappolo},
  author={Halappanavar, Mahantesh and Lu, Hao and Kalyanaraman, Ananth and Tumeo, Antonino},
  booktitle={Proc. IEEE HPEC},
  pages={1--6},
  year={2017},
  OPTorganization={IEEE}
}
@article{sodani2016knights,
  title={Knights landing: Second-generation intel xeon phi product},
  author={Sodani, Avinash and Gramunt, Roger and Corbal, Jesus and Kim, Ho-Seop and Vinod, Krishna and Chinthamani, Sundaram and Hutsell, Steven and Agarwal, Rajat and Liu, Yen-Chen},
  journal={Ieee micro},
  volume={36},
  number={2},
  pages={34--46},
  year={2016},
  publisher={IEEE}
}
@article{xie2013overlapping,
  title={Overlapping community detection in networks: The state-of-the-art and comparative study},
  author={Xie, Jierui and Kelley, Stephen and Szymanski, Boleslaw K},
  journal={ACM CSUR},
  volume={45},
  number={4},
  pages={43},
  year={2013},
  publisher={ACM}
}
@article{edwards2014kokkos,
  title={Kokkos: Enabling manycore performance portability through polymorphic memory access patterns},
  author={Edwards, H Carter and Trott, Christian R and Sunderland, Daniel},
  OPTjournal={Journal of Parallel and Distributed Computing},
  journal={JPDC},
  volume={74},
  number={12},
  pages={3202--3216},
  year={2014},
  publisher={Elsevier}
}
@inproceedings{deveci2016parallel,
  title={Parallel graph coloring for manycore architectures},
  author={Deveci, Mehmet and Boman, Erik G and Devine, Karen D and Rajamanickam, Sivasankaran},
  OPTbooktitle={2016 IEEE International Parallel and Distributed Processing Symposium (IPDPS)},
  booktitle={Proc. IPDPS},
  pages={892--901},
  year={2016},
  OPTorganization={IEEE}
}@inproceedings{saule2012early,
  title={An early evaluation of the scalability of graph algorithms on the intel mic architecture},
  author={Saule, Erik and {\c{C}}ataly{\"u}rek, {\"U}mit V},
  booktitle={2012 IEEE 26th International Parallel and Distributed Processing Symposium Workshops \& PhD Forum},
  pages={1629--1639},
  year={2012},
  organization={IEEE}
}
@incollection{matula1972graph,
  title={Graph coloring algorithms},
  author={Matula, David W and Marble, George and Isaacson, Joel D},
  booktitle={Graph theory and computing},
  pages={109--122},
  year={1972},
  publisher={Elsevier}
}
@article{lewandowski1995practical,
  title={Practical implementations and applications of graph coloring},
  author={Lewandowski, Gary C},
  year={1995},
  publisher={University of Wisconsin at Madison}
}
@article{garey1976application,
  title={An application of graph coloring to printed circuit testing},
  author={Garey, Michael and Johnson, David and So, Hing},
  journal={IEEE Transactions on circuits and systems},
  volume={23},
  number={10},
  pages={591--599},
  year={1976},
  publisher={IEEE}
}
@article{chaitin1981register,
  title={Register allocation via coloring},
  author={Chaitin, Gregory J and Auslander, Marc A and Chandra, Ashok K and Cocke, John and Hopkins, Martin E and Markstein, Peter W},
  journal={Computer languages},
  volume={6},
  number={1},
  pages={47--57},
  year={1981},
  publisher={Elsevier}
}
@article{gamst1986some,
  title={Some lower bounds for a class of frequency assignment problems},
  author={Gamst, Andreas},
  journal={IEEE transactions on vehicular technology},
  volume={35},
  number={1},
  pages={8--14},
  year={1986},
  publisher={IEEE}
}
@article{coleman1983estimation,
  title={Estimation of sparse Jacobian matrices and graph coloring blems},
  author={Coleman, Thomas F and Mor{\'e}, Jorge J},
  journal={SIAM journal on Numerical Analysis},
  volume={20},
  number={1},
  pages={187--209},
  year={1983},
  publisher={SIAM}
}
@Article{Vincent,
author={Vincent D Blondel and Jean-Loup Guillaume and Renaud Lambiotte and Etienne Lefebvre},
  title={Fast unfolding of communities in large networks},
  journal={Journal of Statistical Mechanics: Theory and Experiment},
  volume={2008},
  number={10},
  pages={P10008},
  OPTurl={http://stacks.iop.org/1742-5468/2008/i=10/a=P10008},
  year={2008},
  abstract={We propose a simple method to extract the community structure of large networks. Our method is a heuristic method that is based on modularity optimization. It is shown to outperform all other known community detection methods in terms of computation time. Moreover, the quality of the communities detected is very good, as measured by the so-called modularity. This is shown first by identifying language communities in a Belgian mobile phone network of 2 million customers and by analysing a web graph of 118 million nodes and more than one billion links. The accuracy of our algorithm is also verified on ad hoc modular networks.}
}
@article{plm,
  title={Engineering Parallel Algorithms for Community Detection in Massive Networks},
  author={Christian Staudt and Henning Meyerhenke},
  journal={IEEE TPDS},
  year={2016},
  volume={27},
  pages={171-184}
}
@article{staudt2014networkit,
  title={NetworKit: A tool suite for large-scale complex network analysis},
  author={Staudt, Christian L and Sazonovs, Aleksejs and Meyerhenke, Henning},
  journal={Network Science},
  volume={4},
  number={4},
  pages={508--530},
  year={2016},
  publisher={Cambridge University Press}
}
@article{raghavan2007near,
  title={Near linear time algorithm to detect community structures in large-scale networks},
  author={Raghavan, Usha Nandini and Albert, R{\'e}ka and Kumara, Soundar},
  journal={Physical review E},
  volume={76},
  number={3},
  pages={036106},
  year={2007},
  publisher={APS}
}
@inproceedings{vectorbfs,
  title={Breadth first search vectorization on the Intel Xeon Phi},
  author={Paredes, Mireya and Riley, Graham and Luj{\'a}n, Mikel},
  booktitle={Proc.  Computing Frontiers},
  pages={1--10},
  year={2016},
  organization={ACM}
}
@article{vectorized1986spmv,
  title={A vectorized version of a sparse matrix-vector multiply},
  author={Hayes, Linda J and Devloo, Phillippe},
  journal={International journal for numerical methods in engineering},
  volume={23},
  number={6},
  pages={1043--1056},
  year={1986},
  publisher={Wiley Online Library}
}
@inproceedings{spmv_gou,
  title={Model-driven autotuning of sparse matrix-vector multiply on GPUs},
  author={Choi, Jee W and Singh, Amik and Vuduc, Richard W},
  booktitle={ACM sigplan notices},
  volume={45},
  number={5},
  pages={115--126},
  year={2010},
  organization={ACM}
}
@inproceedings{slimsell,
  title={SlimSell: A Vectorizable Graph Representation for Breadth-First Search},
  author={Besta, Maciej and Marending, Florian and Solomonik, Edgar and Hoefler, Torsten},
  booktitle={Proc. IEEE IPDPS},
  volume={17},
  year={2017}
}
@inproceedings{liu2015csr5,
  title={CSR5: An efficient storage format for cross-platform sparse matrix-vector multiplication},
  author={Liu, Weifeng and Vinter, Brian},
  booktitle={Proc. ICS},
  pages={339--350},
  year={2015},
  organization={ACM}
}
@article{sariyuce2015regularizing,
  title={Regularizing graph centrality computations},
  author={Sar{\i}y{\"u}ce, Ahmet Erdem and Saule, Erik and Kaya, Kamer and {\c{C}}ataly{\"u}rek, {\"U}mit V},
  journal={Journal of Parallel and Distributed Computing},
  volume={76},
  pages={106--119},
  year={2015},
  publisher={Elsevier}
}
@inproceedings{belova2017breadth,
  title={Breadth-First Search with A Multi-Core Computer},
  author={Belova, Maryia and Ouyang, Ming},
  booktitle={Proc. IPDPS Workshops},
  pages={579--587},
  year={2017},
  organization={IEEE}
}
@inproceedings{d2005vectorized,
  title={Vectorized sparse matrix multiply for compressed row storage format},
  author={D'Azevedo, Eduardo F and Fahey, Mark R and Mills, Richard T},
  booktitle={International Conference on Computational Science},
  pages={99--106},
  year={2005},
  organization={Springer}
}
@inproceedings{application1,
  title={Large-Scale Community Detection on YouTube for Topic Discovery and Exploration.},
  author={Gargi, Ullas and Lu, Wenjun and Mirrokni, Vahab S and Yoon, Sangho},
  booktitle={ICWSM},
  year={2011}
}
@article{application2,
  title={Cluster analysis of networks generated through homology: automatic identification of important protein communities involved in cancer metastasis},
  author={Jonsson, Pall F and Cavanna, Tamara and Zicha, Daniel and Bates, Paul A},
  journal={BMC bioinformatics},
  volume={7},
  number={1},
  pages={2},
  year={2006},
  publisher={BioMed Central}
}
@article{application3,
  title={Graph clustering},
  author={Schaeffer, Satu Elisa},
  journal={Computer science review},
  volume={1},
  number={1},
  pages={27--64},
  year={2007},
  publisher={Elsevier}
}
@inproceedings{application4,
  title={Static and dynamic aspects of scientific collaboration networks},
  author={Staudt, Christian and Schumm, Andrea and Meyerhenke, Henning and Gorke, Robert and Wagner, Dorothea},
  booktitle={Proc. of ASONAM},
  pages={522--526},
  year={2012},
  OPTorganization={IEEE Computer Society}
}
@inproceedings{monakov2010automatically,
  title={Automatically tuning sparse matrix-vector multiplication for GPU architectures},
  author={Monakov, Alexander and Lokhmotov, Anton and Avetisyan, Arutyun},
  booktitle={Proc. HiPEAC},
  pages={111--125},
  year={2010},
  OPTorganization={Springer}
}
@inproceedings{buluc2017design,
  title={Design of the GraphBLAS API for C},
  author={Buluc, Aydin and Mattson, Tim and McMillan, Scott and Moreira, Jos{\'e} and Yang, Carl},
  booktitle={Proc IPDPS Workshops},
  pages={643--652},
  year={2017},
  organization={IEEE}
}
@article{kepner2016mathematical,
  title={Mathematical foundations of the GraphBLAS},
OPTauthor={Kepner, Jeremy and Aaltonen, Peter and Bader, David and Bulu{\c{c}}, Ayd{\i}n and Franchetti, Franz and Gilbert, John and Hutchison, Dylan and Kumar, Manoj and Lumsdaine, Andrew and Meyerhenke, Henning and others},
author={Kepner, Jeremy and Aaltonen, Peter and Bader, David and others},
  journal={arXiv preprint arXiv:1606.05790},
  year={2016}
}
@article{girvan2002community,
  title={Community structure in social and biological networks},
  author={Girvan, Michelle and Newman, Mark EJ},
  journal={PNAS},
  volume={99},
  number={12},
  pages={7821--7826},
  year={2002},
  publisher={National Acad Sciences}
}
@article{newman2004finding,
  title={Finding and evaluating community structure in networks},
  author={Newman, Mark EJ and Girvan, Michelle},
  journal={Physical review E},
  volume={69},
  number={2},
  pages={026113},
  year={2004},
  publisher={APS}
}
@article{fortunato2007resolution,
  title={Resolution limit in community detection},
  author={Fortunato, Santo and Barthelemy, Marc},
  journal={Proceedings of the National Academy of Sciences},
  volume={104},
  number={1},
  pages={36--41},
  year={2007},
  publisher={National Acad Sciences}
}
@article{brandes2008modularity,
  title={On modularity clustering},
  author={Brandes, Ulrik and Delling, Daniel and Gaertler, Marco and Gorke, Robert and Hoefer, Martin and Nikoloski, Zoran and Wagner, Dorothea},
  journal={IEEE TKDE},
  volume={20},
  number={2},
  pages={172--188},
  year={2008},
  publisher={IEEE}
}
@article{efron1986bootstrap,
  title={Bootstrap methods for standard errors, confidence intervals, and other measures of statistical accuracy},
  author={Efron, Bradley and Tibshirani, Robert},
  journal={Statistical science},
  pages={54--75},
  year={1986},
  publisher={JSTOR}
}
@Book{GareyJohnson79,
  author =	 "Michael R. Garey and David S. Johnson",
  publisher =	 "Freeman",
  title =	 "Computers and Intractability",
  year =	 "1979",
  keywords =	 {complexity, scheduling, partitioning, sets}
}

@article{Catalyurek12-ParCo,
  author =	 {{\"{U}}mit V. {\c{C}}ataly{\"{u}}rek and John Feo and Assefaw H. Gebremedhin and Mahantesh Halappanavar and Alex Pothen},
  journal =	 {Parallel Computing},
  title =	 {Graph Coloring Algorithms for Multi-core and Massively Multithreaded Architectures},
  volume = "38",
  number = "10-11",
  pages = "576--594",
  month =        {Oct-Nov},
  year =	 {2012},
  OPTkeywords =  {gcolor},
}


@inproceedings{Malewicz2010_pregel,
  author =	 {Malewicz, Grzegorz and Austern, Matthew H. and Bik,
                  Aart J.C and Dehnert, James C. and Horn, Ilan and
                  Leiser, Naty and Czajkowski, Grzegorz},
  title =	 {Pregel: A System for Large-scale Graph Processing},
  booktitle =	 {Proc. SIGMOD},
  OPTseries =	 {SIGMOD '10},
  year =	 {2010},
  isbn =	 {978-1-4503-0032-2},
  location =	 {Indianapolis, Indiana, USA},
  pages =	 {135--146},
  numpages =	 {12},
  url =		 {http://doi.acm.org/10.1145/1807167.1807184},
  doi =		 {10.1145/1807167.1807184},
  acmid =	 {1807184},
  OPTpublisher =	 {ACM},
  OPTaddress =	 {New York, NY, USA},
  keywords =	 {distributed computing, graph algorigthms},
}

@InProceedings{Shun13_ligra,
  author =       {Julian Shun and Guy Blelloch},
  title =        {Ligra: A Lightweight Graph Processing Framework for Shared Memory},
  booktitle = {Proc. PPoPP},
  pages =        {135-146},
  year =         {2013},

}

@INPROCEEDINGS{Naim17,
author={M. Naim and F. Manne and M. Halappanavar and A. Tumeo},
booktitle={2017 IEEE International Parallel and Distributed Processing Symposium (IPDPS)},
title={Community Detection on the GPU},
year={2017},
volume={},
number={},
pages={625-634},
keywords={graphics processing units;mainframes;parallel machines;parallel processing;shared memory systems;community detection;GPU algorithm;Louvain method;individual edges;load balance;processing networks;sequential algorithm;shared memory implementations;magnitude slower;parallel Louvain method;Blue Gene/Q supercomputer;Graphics processing units;Optimization;Instruction sets;Message systems;Parallel algorithms;Computers;Clustering algorithms},
ISSN={1530-2075},
month={May},}

@InProceedings{Cheong13,
author="Cheong, Chun Yew and Huynh, Huynh Phung and Lo, David and Goh, Rick Siow Mong",
OPTeditor="Wolf, Felix and Mohr, Bernd and an Mey, Dieter",
title="Hierarchical Parallel Algorithm for Modularity-Based Community Detection Using GPUs",
OPTbooktitle="Euro-Par 2013 Parallel Processing",
booktitle="Proc EuroPar",
year="2013",
OPTpublisher="Springer Berlin Heidelberg",
OPTaddress="Berlin, Heidelberg",
pages="775--787",
abstract="This paper describes the design of a hierarchical parallel algorithm for accelerating community detection which involves partitioning a network into communities of densely connected nodes. The algorithm is based on the Louvain method developed at the Universit{\'e} Catholique de Louvain, which uses modularity to measure community quality and has been successfully applied on many different types of networks. The proposed hierarchical parallel algorithm targets three levels of parallelism in the Louvain method and it has been implemented on single-GPU and multi-GPU architectures. Benchmarking results on several large web-based networks and popular social networks show that on top of offering speedups of up to 5x, the single-GPU version is able to find better quality communities. On average, the multi-GPU version provides an additional 2x speedup over the single-GPU version but with a 3{\%} degradation in community quality.",
isbn="978-3-642-40047-6"
}


@Article{Karypis99,
  author = 	 {George Karypis and Vipin Kumar},
  title = 	 {A Fast and Highly Quality Multilevel Scheme for Partitioning Irregular Graphs},
  OPTjournal = 	 {SIAM Journal on Scientific Computing},
  journal = 	 {SIAM SISC},
  year = 	 {1999},
  volume = 	 {20},
  number = 	 {1},
  pages = 	 {359--392},
  annote = 	 {describe METIS}
}

@Article{Porta09,
  author =	 {Porta, S. and Latora, V. and Wang, F. and Strano,
                  E. and Cardillo, A. and Scellato, S. and Iacoviello,
                  V. and Messora R.},
  title =	 {Street centrality and densities of retail and
                  services in {B}ologna, {I}taly},
  journal =	 {Environment and Planning B: Planning and Design},
  year =	 {2009},
  volume =	 {36},
  number =	 {3},
  pages =	 {450--465},
}

@article{Krebs02,
  author =	 {V. Krebs},
  title =	 {Mapping Networks of Terrorist Cells},
  year =	 {2002},
  journal =	 {Connections},
  volume =	 {24},
  issue =	 {3},
  page =	 {43--52},
  keywords =	 {social network, graph analysis, betweenness
                  centrality}
}


@Misc{agnertable,
  OPTkey = 	 {},
  author = 	 {Agner Fog},
  title = 	 {Instruction Table},
  howpublished = {\url{https://www.agner.org/optimize/instruction_tables.pdf}},
  OPTmonth = 	 {},
  OPTyear = 	 {},
  OPTnote = 	 {},
  OPTannote = 	 {}
}

@article{lu2015parallel,
  title={Parallel heuristics for scalable community detection},
  author={Lu, Hao and Halappanavar, Mahantesh and Kalyanaraman, Ananth},
  journal={Parallel Computing},
  volume={47},
  pages={19--37},
  year={2015},
  publisher={Elsevier}
}
